% Encoding: UTF-8

@WWW{raspberrypi3A+,
  author = {raspberrypi.org},
  editor = {raspberrypi.org},
  title  = {Raspberry PI 3 Model A+},
  year   = {2018},
  date   = {2018-12-08},
  url    = {https://www.raspberrypi.org/products/raspberry-pi-3-model-a-plus/},
}

@Book{bookEmbeddedLinux,
  author = {Ralf Jesse},
  title  = {Embedded Linux mit Raspberry Pi und Co.},
  year   = {2016},
  date   = {2018-12-08},
}

@WWW{PiShopPi3ModelBp,
  author = {Pi-Shop},
  editor = {Pi-Shop},
  title  = {Raspberry Pi - Raspberry Pi 3 Model B+},
  year   = {2018},
  date   = {2018-12-10},
  url    = {https://www.pi-shop.ch/raspberry-pi-3-model-b},
}

@WWW{buzzerRef,
  author = {buzzer_ref},
  editor = {Pi-Shop},
  title  = {Raspberry Pi - Raspberry Pi 3 Model B+},
  year   = {2018},
  date   = {2018-12-10},
  url    = {https://www.pi-shop.ch/raspberry-pi-3-model-b},
}

@misc{PiShopPiZero,
author = {Pi-Shop},
title = {Raspberry Pi - Raspberry Pi Zero W},
howpublished = {\url{https://www.pi-shop.ch/raspberry-pi-zero-w}},
month = {},
year = {},
note = {(Accessed on 12/22/2018)}
}

@misc{PiShopBrightPi,
author = {Pi-Shop},
title = {Raspberry Pi - Pi Supply Bright Pi - Bright White und IR Kamera Licht für Raspberry Pi | Pi-Shop.ch},
howpublished = {\url{https://www.pi-shop.ch/pi-supply-bright-pi-bright-white-und-ir-kamera-licht-fuer-raspberry-pi}},
month = {},
year = {},
note = {(Accessed on 12/22/2018)}
}

@misc{PiShopPiKamera,
author = {Pi-Shop},
title = {Raspberry Pi - Original Raspberry Pi Kamera Module V2 | Pi-Shop.ch},
howpublished = {\url{https://www.pi-shop.ch/raspberry-pi-kamera-module-v2}},
month = {},
year = {},
note = {(Accessed on 12/22/2018)}
}

@WWW{RaspiTvPiZeroPower,
  author = {Alex Eames},
  editor = {Alex Eames},
  title  = {How much power does Pi Zero W use?},
  year   = {2018},
  date   = {2018-12-10},
  url    = {https://raspi.tv/2017/how-much-power-does-pi-zero-w-use},
}

@Manual{K22DataSheet,
  author = {NXP},
  editor = {NXP},
  title  = {Kinetis® K22: 120MHz Cortex-M4F 512KB Flash (64-121 pin) Data Sheet},
  year   = {2016},
  date   = {2018-06-30},
  pages  = {10-13},
}

@Manual{MaxonDCX32L,
  author = {Maxon},
  editor = {Maxon},
  title  = {DCX 32 L Katalogseite 86},
  year   = {2018},
  date   = {2018-12-10},
}

@Manual{MaxonDCX19S,
  author = {Maxon},
  editor = {Maxon},
  title  = {DCX 19 S Katalogseite 78},
  year   = {2018},
  date   = {2018-12-10},
}

@Manual{SG90Datasheet,
  author = {Mi-PC},
  editor = {Mi-PC},
  title  = {SERVO MOTOR SG90 DATA SHEET},
  year   = {2016},
  date   = {2016-06-09},
}

@misc{whatislatex,
author = {Scott McPeak},
title = {What the heck is Latex?},
howpublished = {\url{http://scottmcpeak.com/latex/whatislatex.html}},
month = {},
year = {},
note = {(Accessed on 12/14/2018)}
}

@misc{PlayZonePassiverBuzzer,
author = {Play-Zone},
title = {Play-Zone.CH Passiver Buzzer / Speaker, 3.3V},
howpublished = {\url{https://www.play-zone.ch/de/passiver-buzzer-speaker-3-3v.html}},
month = {},
year = {},
note = {(Accessed on 12/22/2018)}
}

@misc{ReicheltStromPi,
author = {Reichelt},
title = {RASP STROM PI 3: Raspberry Pi - Der StromPi 3 bei reichelt elektronik},
howpublished = {\url{https://www.reichelt.de/raspberry-pi-der-strompi-3-rasp-strom-pi-3-p232866.html?&trstct=pos_0}},
month = {},
year = {},
note = {(Accessed on 12/22/2018)}
}

@misc{ReicheltStromPiAkku,
author = {Reichelt},
title = {RPI STROMPI AKKU: Raspberry Pi - StromPi 3 Battery Pack, 1000 mAh bei reichelt elektronik},
howpublished = {\url{https://www.reichelt.de/raspberry-pi-strompi-3-battery-pack-1000-mah-rpi-strompi-akku-p232867.html?&trstct=pos_2}},
month = {},
year = {},
note = {(Accessed on 12/22/2018)}
}

@misc{AliExpressADXL345,
author = {AliExpress},
title = {I43 1 stücke GY 291 ADXL345 digital drei achsen beschleunigung der schwerkraft tilt modul IIC/SPI übertragung auf lager in I43 1 stücke GY-291 ADXL345 digital drei-achsen beschleunigung der schwerkraft tilt-modul IIC/SPI übertragung auf lager aus Integrierte Schaltungen auf AliExpress.com | Alibaba Group},
howpublished = {\url{https://de.aliexpress.com/item/Free-Shipping-GY-291-ADXL345-digital-three-axis-acceleration-of-gravity-tilt-module-IIC-SPI-transmission/32346306872.html?spm=a2g0x.search0104.3.8.3a781d56R05pDY&ws_ab_test=searchweb0_0,searchweb201602_5_10065_10068_319_10059_10884_317_10887_10696_100031_321_322_10084_453_10083_454_10103_10618_10307_538_537_536_10134,searchweb201603_51,ppcSwitch_0&algo_expid=a352fecc-60ea-4079-b651-cade58a1b700-1&algo_pvid=a352fecc-60ea-4079-b651-cade58a1b700}},
month = {},
year = {},
note = {(Accessed on 12/22/2018)}
}

@misc{WisIBT2,
author = {wish},
title = {Wish | Halbleiter-Motor-Treiber Auto BTS7960 43A H-Bruecke PWM-Antrieb fuer Arduino HOT},
howpublished = {\url{https://www.wish.com/product/5b97621dab410c29feae20c2}},
month = {},
year = {},
note = {(Accessed on 12/22/2018)}
}

@misc{WishDCDCConverter,
author = {wish},
title = {Wish | DC-DC CC CV Buck Converter Step-down Power Module 7-32V to 0.8-28V 12A 300W},
howpublished = {\url{https://www.wish.com/product/5976f5aadc35dc104728e52d}},
month = {},
year = {},
note = {(Accessed on 12/22/2018)}
}

@misc{AliExpressHCSR04,
author = {AliExpress},
title = {1 stücke ShengYang HC SR04 zu welt Ultraschall Welle Detektor Bis Hin Modul für arduino Abstand Sensor in 1 stücke ShengYang HC-SR04 zu welt Ultraschall Welle Detektor Bis Hin Modul für arduino Abstand Sensor aus Sensoren auf AliExpress.com | Alibaba Group},
howpublished = {\url{https://de.aliexpress.com/item/1pcs-HC-SR04-to-world-Ultrasonic-Wave-Detector-Ranging-Module-for-arduino-Distance-Sensor/32786781050.html?spm=a2g0s.9042311.0.0.25dd4c4dbC08tr}},
month = {},
year = {},
note = {(Accessed on 12/22/2018)}
}

@misc{AliExpressVL53L0X,
author = {AliExpress},
title = {GY 530 VL53L0X Welt kleinste Zeit o f Flug (ToF) laser ranging sensor in GY-530 VL53L0X Welt kleinste Zeit-o f-Flug (ToF) laser ranging sensor aus Sensoren auf AliExpress.com | Alibaba Group},
howpublished = {\url{https://de.aliexpress.com/item/GY-530-VL53L0X-World-smallest-Time-o-f-Flight-ToF-laser-ranging-sensor/32773126352.html?spm=a2g0s.9042311.0.0.25dd4c4dbC08tr}},
month = {},
year = {},
note = {(Accessed on 12/22/2018)}
}

@misc{AliExpressLM2596,
author = {AliExpress},
title = {2 stücke LM2596 DC DC Schritt down Converter Power Supply Module LM2596S Einstellbare Buck Step down Power Module Spannung regler in 2 stücke LM2596 DC-DC Schritt-down Converter Power Supply Module LM2596S Einstellbare Buck Step-down Power Module Spannung regler aus Wechselrichter \& Konverter auf AliExpress.com | Alibaba Group},
howpublished = {\url{https://de.aliexpress.com/item/2-pcs-LM2596-Step-Down-Power-Module-LM2596S-DC-DC-3A-Adjustable-Buck-Step-Down-Power/32802169864.html?spm=a2g0s.9042311.0.0.25dd4c4dbC08tr}},
month = {},
year = {},
note = {(Accessed on 12/22/2018)}
}

@misc{Distrelec13FR200E,
author = {Distrelec},
title = {13FR200E | kaufen Strommesswiderstand | Ohmite | Distrelec},
howpublished = {\url{https://www.distrelec.ch/de/strommesswiderstand-ohmite-13fr200e/p/30046857}},
month = {},
year = {},
note = {(Accessed on 12/22/2018)}
}

@misc{AliExpress5V33VConverter,
author = {},
title = {5 stücke IIC I2C UART SPI Logic Level Converter Bi Directional Modul 5 v zu 3,3 v in 5 stücke IIC I2C UART SPI Logic-Level-Converter Bi-Directional Modul 5 v zu 3,3 v aus Integrierte Schaltungen auf AliExpress.com | Alibaba Group},
howpublished = {\url{https://de.aliexpress.com/item/5PCS-IIC-I2C-UART-SPI-Logic-Level-Converter-Bi-Directional-Module-5V-to-3-3V-For/32826629975.html?spm=a2g0s.9042311.0.0.25dd4c4dbC08tr}},
month = {},
year = {},
note = {(Accessed on 12/22/2018)}
}

@misc{WishTowerpro48,
author = {wish},
title = {Tower pro micro servo sg90 | Wish},
howpublished = {\url{https://www.wish.com/search/Tower%20Pro%20Micro%20Servo%20SG90/product/57c8e0946f5941265132b849}},
month = {},
year = {},
note = {(Accessed on 12/22/2018)}
}

@misc{MadlerZahnriemen,
author = {Mädler},
title = {Zahnriemen Profil AT 5, Breite 10 mm - Mädler Webshop},
howpublished = {\url{https://www.maedler.ch/product/1643/1616/963/zahnriemen-profil-at-5-breite-10-mm}},
month = {},
year = {},
note = {(Accessed on 12/22/2018)}
}

@misc{MadlerZahnriemenrad,
author = {Mädler},
title = {Zahnriemenräder AT5 für Riemenbreite 10 mm - Mädler Webshop},
howpublished = {\url{https://www.maedler.ch/product/1643/1616/996/zahnriemenraeder-at5-fuer-riemenbreite-10-mm}},
month = {},
year = {},
note = {(Accessed on 12/22/2018)}
}

@misc{MadlerKupplung,
author = {Mädler},
title = {Spannsätze SIG, rostfrei, Bohrung 4 bis 40mm - Mädler Webshop},
howpublished = {\url{https://www.maedler.ch/product/1643/1621/spannsaetze-sig-rostfrei-bohrung-4-bis-40mm}},
month = {},
year = {},
note = {(Accessed on 12/22/2018)}
}

@misc{MadlerZahnrad,
author = {Mädler},
title = {Stirnzahnräder Kunststoff POM schwarz, gefräst, Modul 1 - Mädler Webshop},
howpublished = {\url{https://www.maedler.ch/product/1643/1618/1034/2545/stirnzahnraeder-kunststoff-pom-schwarz-gefraest-modul-1}},
month = {},
year = {},
note = {(Accessed on 12/22/2018)}
}

@Comment{jabref-meta: databaseType:biblatex;}
