% Encoding: UTF-8

@WWW{raspberrypi3A+,
  author = {raspberrypi.org},
  editor = {raspberrypi.org},
  title  = {Raspberry PI 3 Model A+},
  year   = {2018},
  date   = {2018-12-08},
  url    = {https://www.raspberrypi.org/products/raspberry-pi-3-model-a-plus/},
}

@Book{bookEmbeddedLinux,
  author = {Ralf Jesse},
  title  = {Embedded Linux mit Raspberry Pi und Co.},
  year   = {2016},
  date   = {2018-12-08},
}

@Comment{jabref-meta: databaseType:biblatex;}
